% Encoding: UTF-8

@Article{ford_geostatistical_2019,
  author  = {Ford, Jonathan and Camerlenghi, Angelo},
  title   = {Geostatistical characterization of internal structure of mass-transport deposits from seismic reflection images and borehole logs},
  journal = {Geophysical Journal International},
  year    = {2019},
  volume  = {221},
  number  = {1},
  pages   = {318--333},
    doi     = {10.1093/gji/ggz570},
  }

@Article{ogata_shear_2014,
  author  = {Ogata, K. and Mountjoy, J.J. and Pini, G.A. and Festa, A. and Tinterri, R.},
  title   = {Shear zone liquefaction in mass transport deposit emplacement: {A} multi-scale integration of seismic reflection and outcrop data},
  journal = {Marine Geology},
  year    = {2014},
  volume  = {356},
  pages   = {50--64},
    doi     = {10.1016/j.margeo.2014.05.001},
  }

@Article{posamentier_seismic_2003,
  author  = {Posamentier, Henry W. and Kolla, Venkatarathnan},
  title   = {Seismic {Geomorphology} and {Stratigraphy} of {Depositional} {Elements} in {Deep}-{Water} {Settings}},
  journal = {Journal of Sedimentary Research},
  year    = {2003},
  volume  = {73},
  number  = {3},
  pages   = {367--388},
    doi     = {10.1306/111302730367},
  }

@incollection{shipp_outcrop_2011,
	author = {King, Peter R. and Ilg, Bradley R. and Arnot, Malcolm and Browne, Greg H. and Strachan, Lorna J. and Crundwell, Martin and Helle, Kristian},
	booktitle = {Mass-{Transport} {Deposits} in {Deepwater} {Settings}},
	doi = {10.2110/sepmsp.096},
	editor = {Shipp, R. Craig and Weimer, Paul and Posamentier, Henry W.},
	publisher = {SEPM (Society for Sedimentary Geology)},
	title = {Outcrop and {Seismic} {Examples} of {Mass}-{Transport} {Deposits} from a {Late} {Miocene} {Deep}-{Water} {Succession}, {Taranaki} {Basin}, {New} {Zealand}},
	year = {2011}
}

@Article{yamamoto_large-scale_2007,
  author  = {Yamamoto, Yuzuru and Ogawa, Yujiro and Uchino, Takayuki and Muraoka, Satoru and Chiba, Tae},
  title   = {Large-scale chaotically mixed sedimentary body within the {Late} {Pliocene} to {Pleistocene} {Chikura} {Group}, {Central} {Japan}},
  journal = {Island Arc},
  year    = {2007},
  volume  = {16},
  number  = {4},
  pages   = {505--507},
  doi     = {10.1111/j.1440-1738.2007.00587.x},
}

@article{clare2018,
	author = {Clare, Michael and Chaytor, Jason and Dabson, Oliver and Gamboa, Davide and Georgiopoulou, Aggeliki and Eady, Harry and Hunt, James and Jackson, Christopher and Katz, Oded and Krastel, Sebastian and Le{\'o}n, Ricardo and Micallef, Aaron and Moernaut, Jasper and Moriconi, Roberto and Moscardelli, Lorena and Mueller, Christof and Normandeau, Alexandre and Patacci, Marco and Steventon, Michael and Urlaub, Morelia and V{\"o}lker, David and Wood, Lesli and Jobe, Zane},
	title = {A consistent global approach for the morphometric characterization of subaqueous landslides},
	volume = {477},
	number = {1},
	pages = {455--477},
	year = {2019},
	doi = {10.1144/SP477.15},
    journal = {Geological Society, London, Special Publications}
}

@article{bellwald_shear_2018,
	author = {Bellwald, Benjamin and Planke, Sverre},
	doi = {10.1144/SP477.29},
    journal = {Geological Society, London, Special Publications},
	pages = {SP477.29},
	title = {Shear margin moraine, mass transport deposits and soft beds revealed by high-resolution {P}-{Cable} three-dimensional seismic data in the {Hoop} area, {Barents} {Sea}},
	year = {2018}
}

@article{strasser_slumping_2011,
	author = {Strasser, Michael and Moore, Gregory F. and Kimura, Gaku and Kopf, Achim J. and Underwood, Michael B. and Guo, Junhua and Screaton, Elizabeth J.},
	doi = {10.1029/2010GC003431},
    journal = {Geochemistry, Geophysics, Geosystems},
	number = {5},
	pages = {Q0AD13},
	title = {Slumping and mass transport deposition in the {Nankai} fore arc: {Evidence} from {IODP} drilling and 3-{D} reflection seismic data},
	volume = {12},
	year = {2011}
}

@Article{holliger_stochastic_1992,
  author  = {Holliger, Klaus and Levander, Alan R.},
  title   = {A stochastic view of lower crustal fabric based on evidence from the {Ivrea} {Zone}},
  journal = {Geophysical Research Letters},
  year    = {1992},
  volume  = {19},
  number  = {11},
  pages   = {1153--1156},
    doi     = {10.1029/92GL00919},
}

@Article{sd-4-45-2007,
  author  = {Camerlenghi, A. and Urgeles, R. and Ercilla, G. and Br{\"{u}}ckmann, W.},
  title   = {Scientific Ocean Drilling Behind the Assessment of Geo-Hazards from Submarine Slides},
  journal = {Scientific Drilling},
  year    = {2007},
  volume  = {4},
  pages   = {45--47},
  doi     = {10.2204/iodp.sd.4.14.2007},
  }

@Article{vanneste_seafloor_2014,
  author  = {Vanneste, Maarten and Sultan, Nabil and Garziglia, Sebastian and Forsberg, Carl Fredrik and L'Heureux, Jean-Sebastien},
  title   = {Seafloor instabilities and sediment deformation processes: {The} need for integrated, multi-disciplinary investigations},
  journal = {Marine Geology},
  year    = {2014},
  volume  = {352},
  pages   = {183--214},
    doi     = {10.1016/j.margeo.2014.01.005},
  series  = {50\textsuperscript{th} {Anniversary} {Special} {Issue}},
  }

@Article{gafeira_3d_2010,
  author  = {Gafeira, J. and Long, D. and Scrutton, R. and Evans, D.},
  title   = {{3D} seismic evidence of internal structure within {Tampen} {Slide} deposits on the {North} {Sea} {Fan}: are chaotic deposits that chaotic?},
  journal = {Journal of the Geological Society},
  year    = {2010},
  volume  = {167},
  number  = {3},
  pages   = {605--616},
    doi     = {10.1144/0016-76492009-047},
}

@Article{micallef_scale_2008,
  author  = {Micallef, Aaron and Berndt, Christian and Masson, Douglas G. and Stow, Dorrik A. V.},
  title   = {Scale invariant characteristics of the {Storegga} {Slide} and implications for large-scale submarine mass movements},
  journal = {Marine Geology},
  year    = {2008},
  volume  = {247},
  number  = {1},
  pages   = {46--60},
    doi     = {10.1016/j.margeo.2007.08.003},
  }

@Article{martinez_3d_2005,
  author  = {Frey-Martinez, Jose and Cartwright, Joe and Hall, Ben},
  title   = {{3D} seismic interpretation of slump complexes: examples from the continental margin of {Israel}},
  journal = {Basin Research},
  year    = {2005},
  volume  = {17},
  number  = {1},
  pages   = {83--108},
    doi     = {10.1111/j.1365-2117.2005.00255.x},
}

@InCollection{pini_et_al_2012,
  author    = {Pini, Gian Andrea and Ogata, Kei and Camerlenghi, Angelo and Festa, Andrea and Lucente, Claudio Corrado and Codegone, Giulia},
  title     = {Sedimentary {M{\'{e}}langes} and {Fossil} {Mass}-{Transport} {Complexes}: {A} {Key} for {Better} {Understanding} {Submarine} {Mass} {Movements}?},
  booktitle = {Submarine {Mass} {Movements} and {Their} {Consequences}},
  publisher = {Springer Netherlands},
  year      = {2012},
  editor    = {Yamada, Yasuhiro and Kawamura, Kiichiro and Ikehara, Ken and Ogawa, Yujiro and Urgeles, Roger and Mosher, David and Chaytor, Jason and Strasser, Michael},
  pages     = {585--594},
  address   = {Dordrecht},
  doi       = {10.1007/978-94-007-2162-3_52},
}

@article{badhani_morphology_2019,
	author = {Badhani, Shray and Cattaneo, Antonio and Dennielou, Bernard and Leroux, Estelle and Colin, Florent and Thomas, Yannick and Jouet, Gwenael and Rabineau, Marina and Droz, Laurence},
	doi = {10.1016/j.geomorph.2019.106894},
		journal = {Geomorphology},
	pages = {106894},
	title = {Morphology of retrogressive failures in the {Eastern} {Rhone} {Interfluve} during the {Last} {Glacial} {Maximum} ({Gulf} of {Lions}, {Western} {Mediterranean})},
		year = {2019}
}

@article{barrett_does_2021,
	title = {Does {Retrogression} {Always} {Account} for the {Large} {Volume} of {Submarine} {Megaslides}? {Evidence} to the {Contrary} {From} the {Tampen} {Slide}, {Offshore} {Norway}},
	volume = {126},
	doi = {10.1029/2020JB020655},
	language = {en},
	number = {2},
	journal = {Journal of Geophysical Research: Solid Earth},
	author = {Barrett, R. S. and Bellwald, B. and Talling, P. J. and Micallef, A. and Gross, F. and Berndt, C. and Planke, S. and Myklebust, R. and Krastel, S.},
	year = {2021},
	pages = {e2020JB020655}
}

@Article{holliger_upper-crustal_1996,
  author  = {Holliger, K.},
  title   = {Upper-crustal seismic velocity heterogeneity as derived from a variety of \textit{{P}}-wave sonic logs},
  journal = {Geophysical Journal International},
  year    = {1996},
  volume  = {125},
  number  = {3},
  pages   = {813--829},
    doi     = {10.1111/j.1365-246X.1996.tb06025.x},
}

@Article{holliger_attributes_1994,
  author  = {Holliger, Klaus and Levander, Alan and Carbonell, Ramon and Hobbs, Richard},
  title   = {Some attributes of wavefields scattered from {Ivrea}-type lower crust},
  journal = {Tectonophysics},
  year    = {1994},
  volume  = {232},
  number  = {1},
  pages   = {267--279},
    doi     = {10.1016/0040-1951(94)90089-2},
  series  = {Seismic {Reflection} {Probing} of the {Continents} and their {Margins}},
  }

@incollection{posamentier2011character,
  author  = {Posamentier, Henry W. and Martinsen, Ole J.},
  title   = {The character and genesis of submarine mass-transport deposits: insights from outcrop and {3D} seismic data},
  booktitle = {Mass-{Transport} {Deposits} in {Deepwater} {Settings}},
  publisher = {SEPM Society for Sedimentary Geology},
  editor = {Shipp, R. Craig and Weimer, Paul and Posamentier, Henry W.},
  year    = {2011},
  doi = {10.2110/sepmsp.096.007},
}

@article{ogata_mass_2012,
	title = {Mass transport-related stratal disruption within sedimentary mélanges: {Examples} from the northern {Apennines} ({Italy}) and south-central {Pyrenees} ({Spain})},
	volume = {568-569},
	doi = {10.1016/j.tecto.2011.08.021},
	journal = {Tectonophysics},
	author = {Ogata, Kei and Mutti, Emiliano and Pini, Gian Andrea and Tinterri, Roberto},
	year = {2012},
	keywords = {Mass transport deposits, Block-in-matrix fabric, Sedimentary matrix, Sedimentary mélange, Soft sediment deformation, Stratal disruption},
	pages = {185--199},
}


@InCollection{lamarche_meso-scale_2016,
  author    = {Ogata, Kei and Pini, Gian Andrea and Festa, Andrea and Poga{\v{c}}nik, {\u{Z}}eljko and Lucente, Claudio Corrado},
  title     = {Meso-{Scale} {Kinematic} {Indicators} in {Exhumed} {Mass} {Transport} {Deposits}: {Definitions} and {Implications}},
  booktitle = {Submarine {Mass} {Movements} and their {Consequences}},
  publisher = {Springer International Publishing},
  year      = {2016},
  editor    = {Lamarche, Geoffroy and Mountjoy, Joshu and Bull, Suzanne and Hubble, Tom and Krastel, Sebastian and Lane, Emily and Micallef, Aaron and Moscardelli, Lorena and Mueller, Christof and Pecher, Ingo and Woelz, Susanne},
  volume    = {41},
  pages     = {461--468},
  address   = {Cham},
  doi       = {10.1007/978-3-319-20979-1_46},
  }

@Article{sobiesiak_sub-seismic_2017,
  author  = {Sobiesiak, Matheus S. and Alsop, G. Ian and Kneller, Ben and Milana, Juan Pablo},
  title   = {Sub-seismic scale folding and thrusting within an exposed mass transport deposit: {A} case study from {NW} {Argentina}},
  journal = {Journal of Structural Geology},
  year    = {2017},
  volume  = {96},
  pages   = {176--191},
    doi     = {10.1016/j.jsg.2017.01.006},
  }

@Article{strachan_slump_2006,
  author  = {Strachan, L. J. and Alsop, G. I.},
  title   = {Slump folds as estimators of palaeoslope: a case study from the {Fisherstreet} {Slump} of {County} {Clare}, {Ireland}},
  journal = {Basin Research},
  year    = {2006},
  volume  = {18},
  number  = {4},
  pages   = {451--470},
    doi     = {10.1111/j.1365-2117.2006.00302.x},
  }

@Article{alves_geomorphologic_2010,
  author  = {Alves, Tiago M. and Louren{\c{c}}o, S{\'{e}}rgio D.N.},
  title   = {Geomorphologic features related to gravitational collapse: {Submarine} landsliding to lateral spreading on a {Late} {Miocene--Quaternary} slope ({SE} {Crete}, eastern {Mediterranean})},
  journal = {Geomorphology},
  year    = {2010},
  volume  = {123},
  number  = {1-2},
  pages   = {13--33},
    doi     = {10.1016/j.geomorph.2010.04.030},
  }

@Article{terrinha_tsunamigenic-seismogenic_2003,
  author  = {Terrinha, P. and Pinheiro, L.M. and Henriet, J.-P. and Matias, L. and Ivanov, M.K. and Monteiro, J.H. and Akhmetzhanov, A. and Volkonskaya, A. and Cunha, T. and Shaskin, P. and Rovere, M.},
  title   = {Tsunamigenic-seismogenic structures, neotectonics, sedimentary processes and slope instability on the southwest {Portuguese} {Margin}},
  journal = {Marine Geology},
  year    = {2003},
  volume  = {195},
  number  = {1-4},
  pages   = {55--73},
    doi     = {10.1016/S0025-3227(02)00682-5},
  }

@inproceedings{shipp_physical_2004,
	address = {Houston, Texas},
	author = {Shipp, R. Craig and Nott, Jerry A. and Newlin, Jason A.},
	booktitle = {Offshore {Technology} {Conference}},
	doi = {10.4043/16751-MS},
	publisher = {Offshore Technology Conference},
	title = {Physical {Characteristics} and {Impact} of {Mass} {Transport} {Complexes} on {Deepwater} {Jetted} {Conductors} and {Suction} {Anchor} {Piles}},
		year = {2004}
}

@inproceedings{piper1997mass,
  title={Mass-transport deposits of the {Amazon} fan},
  author={Piper, D. J. W. and Pirmez, C. and Manley, P. L. and Long, D. and Flood, R. D. and Normark, W. R. and Showers, W.},
  booktitle={Proceedings of the Ocean Drilling Program. Scientific results},
  volume={155},
  pages={109--146},
  year={1997},
  organization={Ocean Drilling Program}
}

@Article{prior_depositional_1984,
  author  = {Prior, D. B. and Bornhold, B. D. and Johns, M. W.},
  title   = {Depositional {Characteristics} of a {Submarine} {Debris} {Flow}},
  journal = {The Journal of Geology},
  year    = {1984},
  volume  = {92},
  number  = {6},
  pages   = {707--727},
    doi     = {10.1086/628907},
  }

@inproceedings{weimer_mass_2004,
	address = {Houston, Texas},
	author = {Weimer, Paul and Shipp, Craig},
	booktitle = {Offshore {Technology} {Conference}},
	doi = {10.4043/16752-MS},
	publisher = {Offshore Technology Conference},
	title = {Mass {Transport} {Complex}: {Musing} on {Past} {Uses} and {Suggestions} for {Future} {Directions}},
		year = {2004}
}

@Article{alves_assessing_2014,
  author  = {Alves, Tiago M. and Kurtev, Kuncho and Moore, Gregory F. and Strasser, Michael},
  title   = {Assessing the internal character, reservoir potential, and seal competence of mass-transport deposits using seismic texture: {A} geophysical and petrophysical approach},
  journal = {AAPG Bulletin},
  year    = {2014},
  volume  = {98},
  number  = {4},
  pages   = {793--824},
    doi     = {10.1306/09121313117},
  }

@Article{mulder_classification_1996,
  author  = {Mulder, Thierry and Cochonat, Pierre},
  title   = {Classification of offshore mass movements},
  journal = {Journal of Sedimentary Research},
  year    = {1996},
  volume  = {66},
  number  = {1},
  pages   = {43--57},
    doi     = {10.1306/D42682AC-2B26-11D7-8648000102C1865D},
}

@Article{lucente_anatomy_2003,
  author  = {Lucente, Claudio Corrado and Pini, Gian Andrea},
  title   = {Anatomy and emplacement mechanism of a large submarine slide within a {Miocene} foredeep in the northern {Apennines}, {Italy}: {A} field perspective},
  journal = {American Journal of Science},
  year    = {2003},
  volume  = {303},
  number  = {7},
  pages   = {565--602},
    doi     = {10.2475/ajs.303.7.565},
  }

@Article{steventon_strain_2019,
  author  = {Steventon, Michael J. and Jackson, Christopher A.-L. and Hodgson, David M. and Johnson, Howard D.},
  title   = {Strain analysis of a seismically imaged mass-transport complex, offshore {Uruguay}},
  journal = {Basin Research},
  year    = {2019},
  volume  = {31},
  number  = {3},
  pages   = {600--620},
    doi     = {10.1111/bre.12337},
}

@Article{ogata_carbonate_2014,
  author  = {Ogata, K. and Poga{\v{c}}nik, {\u{Z}}. and Pini, G. A. and Tunis, G. and Festa, A. and Camerlenghi, A. and Rebesco, M.},
  title   = {The carbonate mass transport deposits of the {Paleogene} {Friuli} {Basin} ({Italy}/{Slovenia}): {Internal} anatomy and inferred genetic processes},
  journal = {Marine Geology},
  year    = {2014},
  volume  = {356},
  pages   = {88--110},
    doi     = {10.1016/j.margeo.2014.06.014},
  series  = {Mass-transport deposits, olistostromes and soft-sediment deformation in modern and ancient continental margins, and associated natural hazards},
  }

@Article{bull_review_2009,
  author  = {Bull, Suzanne and Cartwright, Joe and Huuse, Mads},
  title   = {A review of kinematic indicators from mass-transport complexes using {3D} seismic data},
  journal = {Marine and Petroleum Geology},
  year    = {2009},
  volume  = {26},
  number  = {7},
  pages   = {1132--1151},
    doi     = {10.1016/j.marpetgeo.2008.09.011},
  }

@article{sawyer_retrogressive_2009,
	author = {Sawyer, Derek E. and Flemings, Peter B. and Dugan, Brandon and Germaine, John T.},
	doi = {10.1029/2008JB006159},
		journal = {Journal of Geophysical Research: Solid Earth},
	number = {B10},
	title = {Retrogressive failures recorded in mass transport deposits in the {Ursa} {Basin}, {Northern} {Gulf} of {Mexico}},
		volume = {114},
	year = {2009}
}

@Article{moscardelli_new_2008,
  author  = {Moscardelli, Lorena and Wood, Lesli},
  title   = {New classification system for mass transport complexes in offshore {Trinidad}},
  journal = {Basin Research},
  year    = {2008},
  volume  = {20},
  number  = {1},
  pages   = {73--98},
    doi     = {10.1111/j.1365-2117.2007.00340.x},
  }

@Article{piper_sequence_1999,
  author  = {Piper, David J. W. and Cochonat, Pierre and Morrison, Martin L.},
  title   = {The sequence of events around the epicentre of the 1929 {Grand} {Banks} earthquake: initiation of debris flows and turbidity current inferred from sidescan sonar},
  journal = {Sedimentology},
  year    = {1999},
  volume  = {46},
  number  = {1},
  pages   = {79--97},
    doi     = {10.1046/j.1365-3091.1999.00204.x},
  }

@Article{diviacco_late_2006,
  author  = {Diviacco, P. and Rebesco, M. and Camerlenghi, A.},
  title   = {Late {Pliocene} {Mega} {Debris} {Flow} {Deposit} and {Related} {Fluid} {Escapes} {Identified} on the {Antarctic} {Peninsula} {Continental} {Margin} by {Seismic} {Reflection} {Data} {Analysis}},
  journal = {Marine Geophysical Researches},
  year    = {2006},
  volume  = {27},
  number  = {2},
  pages   = {109--128},
    doi     = {10.1007/s11001-005-3136-8},
  }

@article{urgeles_submarine_2013,
	author = {Urgeles, Roger and Camerlenghi, Angelo},
	doi = {10.1002/2013JF002720},
		journal = {Journal of Geophysical Research: Earth Surface},
	number = {4},
	pages = {2013JF002720},
	title = {Submarine landslides of the {Mediterranean} {Sea}: {Trigger} mechanisms, dynamics, and frequency-magnitude distribution},
		volume = {118},
	year = {2013}
}

@InCollection{huhn_2019,
  author    = {Huhn, Katrin and Arroyo, Marcos and Cattaneo, Antonio and Clare, Mike A. and Gr{\`{a}}cia, Eul{\`{a}}lia and Harbitz, Carl B. and Krastel, Sebastian and Kopf, Achim and L{\o}vholt, Finn and Rovere, Marzia and Strasser, Michael and Talling, Peter J. and Urgeles, Roger},
  title     = {Modern {Submarine} {Landslide} {Complexes}: {A} {Short} {Review}},
  booktitle = {Geophysical {Monograph} {Series}},
  publisher = {Wiley},
  year      = {2019},
  editor    = {Ogata, Kei and Festa, Andrea and Pini, Gian Andrea},
  pages     = {181--200},
  edition   = {1},
  doi       = {10.1002/9781119500513.ch12},
  }

@TechReport{rina2018,
  author = {{RINA Consulting}},
  title  = {{TurkStream} Offshore Pipeline -- Detailed Engineering, Geohazard Assessment},
  year   = {2018},
}

@article{dykstra_mass-transport_2011,
	author = {Dykstra, Mason and Garyfalou, Katerina and Kertznus, Vanessa and Kneller, Ben and Milana, Juan Pablo and Molinaro, Matteo and Szuman, Magdalena and Thompson, Philip},
	doi = {10.2110/sepmsp.096.293},
	title = {Mass-{Transport} {Deposits}: {Combining} {Outcrop} {Studies} and {Seismic} {Forward} {Modeling} to {Understand} {Lithofacies} {Distributions}, {Deformation}, and their {Seismic} {Stratigraphic} {Expression}},
	year = {2011}
}

@Article{badhani_integrated_2020,
  author  = {Badhani, Shray and Cattaneo, Antonio and Collico, Stefano and Urgeles, Roger and Dennielou, Bernard and Leroux, Estelle and Colin, Florent and Garziglia, Sebastien and Rabineau, Marina and Droz, Laurence},
  title   = {Integrated geophysical, sedimentological and geotechnical investigation of submarine landslides in the {Gulf} of {Lions} ({Western} {Mediterranean})},
  journal = {Geological Society, London, Special Publications},
  year    = {2020},
  volume  = {500},
  number  = {1},
  pages   = {359--376},
    doi     = {10.1144/SP500-2019-175},
}

@Article{karstens_gradual_2019,
  author  = {Karstens, Jens and Berndt, Christian and Urlaub, Morelia and Watt, Sebastian F.L. and Micallef, Aaron and Ray, Melanie and Klaucke, Ingo and Muff, Sina and Klaeschen, Dirk and K{\"{u}}hn, Michel and Roth, Theresa and B{\"{o}}ttner, Christoph and Schramm, Bettina and Elger, Judith and Brune, Sascha},
  title   = {From gradual spreading to catastrophic collapse -- {Reconstruction} of the 1888 {Ritter} {Island} volcanic sector collapse from high-resolution {3D} seismic data},
  journal = {Earth and Planetary Science Letters},
  year    = {2019},
  volume  = {517},
  pages   = {1--13},
    doi     = {10.1016/j.epsl.2019.04.009},
}

@Article{sobiesiak_internal_2016,
  author  = {Sobiesiak, Matheus S. and Kneller, Ben and Alsop, G. Ian and Milana, Juan Pablo},
  title   = {Internal deformation and kinematic indicators within a tripartite mass transport deposit, {NW} {Argentina}},
  journal = {Sedimentary Geology},
  year    = {2016},
  volume  = {344},
  number  = {Supplement C},
  pages   = {364--381},
    doi     = {10.1016/j.sedgeo.2016.04.006},
  series  = {The environmental significance of soft-sediment deformation},
}

@Article{hampton_submarine_1996,
  author  = {Hampton, Monty A. and Lee, Homa J. and Locat, Jacques},
  title   = {Submarine landslides},
  journal = {Reviews of Geophysics},
  year    = {1996},
  volume  = {34},
  number  = {1},
  pages   = {33--59},
    doi     = {10.1029/95RG03287},
  }


@Article{masson_submarine_2006,
  author  = {Masson, D.g and Harbitz, C.b and Wynn, R.b and Pedersen, G and L{\o}vholt, F},
  title   = {Submarine landslides: processes, triggers and hazard prediction},
  journal = {Philosophical Transactions of the Royal Society A: Mathematical, Physical and Engineering Sciences},
  year    = {2006},
  volume  = {364},
  number  = {1845},
  pages   = {2009--2039},
  doi     = {10.1098/rsta.2006.1810},
  }

@article{vardy_2017,
	author = {Vardy, Mark E and Vanneste, Maarten and Henstock, Timothy J and Clare, Michael A and Forsberg, Carl Fredrik and Provenzano, Giuseppe},
	journal = {Near Surface Geophysics},
	pages = {17},
	title = {State-of-the-art remote characterization of shallow marine sediments: the road to a fully integrated solution},
	year = {2017}
}

@article{nugraha_evolution_2020,
	author = {Nugraha, Harya Dwi and Jackson, Christopher Aiden-Lee and Johnson, Howard and Hodgson, David Mark},
	note = {Preprint},
	title = {Evolution of flow cells within a mass-transport complex: {Insights} from the {Gorgon} {Slide}, offshore {NW} {Australia}},
	doi = {10.31223/osf.io/zswe7},
	url = {https://eartharxiv.org/repository/view/353/},
	year = {2020}
}

@article{nardin_review_1979,
	author = {Nardin, T. R. and Hein, F. J. and Gorsline, D. Scott and Edwards, B. D.},
	title = {A review of mass movement processes sediment and acoustic characteristics, and contrasts in slope and base-of-slope systems versus canyon-fan-basin floor systems},
	journal = {SEPM Special Publications},
	number = {27},
	pages = {61--73},
		year = {1979}
}

@Article{mencaroni_gravity_2020,
  author  = {Mencaroni, Davide and Llopart, Jaume and Urgeles, Roger and Lafuerza, Sara and Gr{\`{a}}cia, Eul{\`{a}}lia and Friant, Anne Le and Urlaub, Morelia},
  title   = {From gravity cores to overpressure history: the importance of measured sediment physical properties in hydrogeological models},
  journal = {Geological Society, London, Special Publications},
  year    = {2020},
  volume  = {500},
  doi     = {10.1144/SP500-2019-176},
  }

@Article{campbell_auv_2015,
  author  = {Campbell, Kerry J. and Kinnear, Stephen and Thame, Alick},
  title   = {{AUV} technology for seabed characterization and geohazards assessment},
  journal = {The Leading Edge},
  year    = {2015},
  volume  = {34},
  number  = {2},
  pages   = {170--178},
  doi     = {10.1190/tle34020170.1},
  }

@article{morgan_addressing_2009,
	title = {Addressing {Geohazards} {Through} {Ocean} {Drilling}},
	volume = {7},
		doi = {10.5194/sd-7-15-2009},
	urldate = {2021-01-28},
	journal = {Scientific Drilling},
	author = {Morgan, J. K. and Silver, E. and Camerlenghi, A. and Dugan, B. and Kirby, S. and Shipp, C. and Suyehiro, K.},
	year = {2009},
	pages = {15--30}
}

@article{sammartini_propagation_2021,
	title = {Propagation of frontally confined subaqueous landslides: {Insights} from combining geophysical, sedimentological, and geotechnical analysis},
	url = {https://www.sciencedirect.com/science/article/pii/S0037073821000294},
	doi = {10.1016/j.sedgeo.2021.105877},
	journal = {Sedimentary Geology},
	author = {Sammartini, M. and Moernaut, J. and Kopf, A. and Stegmann, S. and Fabbri, S. C. and Anselmetti, F. S. and Strasser, M.},
	year = {2021},
	pages = {105877}
}

@article{ogata_geophysical-geochemical_2019,
	title = {A {Geophysical}-{Geochemical} {Approach} to the {Study} of the {Paleogene} {Julian}—{Slovenian} {Basin} ``{Megabeds}'' ({Southern} {Alps}—{Northwestern} {Dinarides}, {Italy}/{Slovenia})},
	volume = {9},
	doi = {10.3390/geosciences9040155},
	number = {4},
	journal = {Geosciences},
	author = {Ogata, Kei and Poga\v{c}nik, \v{Z}eljko and Tunis, Giorgio and Pini, Gian Andrea and Festa, Andrea and Senger, Kim},
	year = {2019},
	pages = {155},
}

@article{harris2020array,
    title = {Array programming with {NumPy}},
    author = {Charles R. Harris and K. Jarrod Millman and St{\'{e}}fan J.
        van der Walt and Ralf Gommers and Pauli Virtanen and David
        Cournapeau and Eric Wieser and Julian Taylor and Sebastian
        Berg and Nathaniel J. Smith and Robert Kern and Matti Picus
        and Stephan Hoyer and Marten H. van Kerkwijk and Matthew
        Brett and Allan Haldane and Jaime Fern{\'{a}}ndez del
        R{\'{i}}o and Mark Wiebe and Pearu Peterson and Pierre
        G{\'{e}}rard-Marchant and Kevin Sheppard and Tyler Reddy and
        Warren Weckesser and Hameer Abbasi and Christoph Gohlke and
        Travis E. Oliphant},
    year          = {2020},
    journal       = {Nature},
    volume        = {585},
    number        = {7825},
    pages         = {357--362},
    doi           = {10.1038/s41586-020-2649-2}
}

@article{devito-api,
  author = {Louboutin, M. and Lange, M. and Luporini, F. and Kukreja, N. and Witte, P. A. and Herrmann, F. J. and Velesko, P. and Gorman, G. J.},
  title = {Devito (v3.1.0): an embedded domain-specific language for finite differences and geophysical exploration},
  journal = {Geoscientific Model Development},
  volume = {12},
  year = {2019},
  number = {3},
  pages = {1165--1187},
  doi = {10.5194/gmd-12-1165-2019}
}

@Article{Hunter:2007,
  Author    = {Hunter, J. D.},
  Title     = {Matplotlib: {A 2D graphics environment}},
  Journal   = {Computing in Science \& Engineering},
  Volume    = {9},
  Number    = {3},
  Pages     = {90--95},
  publisher = {IEEE COMPUTER SOC},
  doi       = {10.1109/MCSE.2007.55},
  year      = 2007
}

@ARTICLE{2020SciPy-NMeth,
  author  = {Virtanen, Pauli and Gommers, Ralf and Oliphant, Travis E. and
            Haberland, Matt and Reddy, Tyler and Cournapeau, David and
            Burovski, Evgeni and Peterson, Pearu and Weckesser, Warren and
            Bright, Jonathan and {van der Walt}, St{\'e}fan J. and
            Brett, Matthew and Wilson, Joshua and Millman, K. Jarrod and
            Mayorov, Nikolay and Nelson, Andrew R. J. and Jones, Eric and
            Kern, Robert and Larson, Eric and Carey, C J and
            Polat, {\.I}lhan and Feng, Yu and Moore, Eric W. and
            {VanderPlas}, Jake and Laxalde, Denis and Perktold, Josef and
            Cimrman, Robert and Henriksen, Ian and Quintero, E. A. and
            Harris, Charles R. and Archibald, Anne M. and
            Ribeiro, Ant{\^o}nio H. and Pedregosa, Fabian and
            {van Mulbregt}, Paul and {SciPy 1.0 Contributors}},
  title   = {{{SciPy} 1.0: Fundamental Algorithms for Scientific
            Computing in Python}},
  journal = {Nature Methods},
  year    = {2020},
  volume  = {17},
  pages   = {261--272},
  adsurl  = {https://rdcu.be/b08Wh},
  doi     = {10.1038/s41592-019-0686-2},
}

@article{muller_geostat-frameworkgstools_2021,
    author = {M\"uller, S. and Sch\"uler, L. and Zech, A. and He{\ss}e, F.},
    title = {{GSTools} v1.3: A toolbox for geostatistical modelling in Python},
    journal = {Geoscientific Model Development},
    volume = {15},
    number = {7},
    year = {2022},
    pages = {3161–3182},
    doi = {10.5194/gmd-15-3161-2022}
}

@article{hunt_submarine_2021,
	title = {Submarine landslide megablocks show half of {Anak} {Krakatau} island failed on {December} 22nd, 2018},
	volume = {12},
	copyright = {2021 The Author(s)},
	issn = {2041-1723},
	doi = {10.1038/s41467-021-22610-5},
	number = {1},
	journal = {Nature Communications},
	author = {Hunt, J. E. and Tappin, D. R. and Watt, S. F. L. and Susilohadi, S. and Novellino, A. and Ebmeier, S. K. and Cassidy, M. and Engwell, S. L. and Grilli, S. T. and Hanif, M. and Priyanto, W. S. and Clare, M. A. and Abdurrachman, M. and Udrekh, U.},
	year = {2021},
	pages = {2827},
}

@Article{moernaut_evaluating_2020,
  author  = {Moernaut, Jasper and Wiemer, Gauvain and Kopf, Achim and Strasser, Michael},
  title   = {Evaluating the sealing potential of young and thin mass-transport deposits: {Lake} {Villarrica}, {Chile}},
  journal = {Geological Society, London, Special Publications},
  year    = {2020},
  volume  = {500},
  number  = {1},
  pages   = {129--146},
  doi     = {10.1144/SP500-2019-155}
}

@Article{talling_how_2010,
  author  = {Talling, P. J. and Wynn, R. B. and Schmmidt, D. N. and Rixon, R. and Sumner, E. and Amy, L.},
  title   = {How {Did} {Thin} {Submarine} {Debris} {Flows} {Carry} {Boulder}-{Sized} {Intraclasts} for {Remarkable} {Distances} {Across} {Low} {Gradients} to the {Far} {Reaches} of the {Mississippi} {Fan}?},
  journal = {Journal of Sedimentary Research},
  year    = {2010},
  volume  = {80},
  number  = {10},
  pages   = {829--851},
  doi     = {10.2110/jsr.2010.076}
}

@Book{carcione2014wave,
  title     = {Wave Fields in Real Media: Wave Propagation in Anisotropic, Anelastic, Porous and Electromagnetic Media},
  publisher = {Elsevier},
  year      = {2014},
  author    = {Carcione, Jos{\'{e}} M},
  volume    = {38},
}

@article{gutowski2002chirp,
  title={Chirp sub-bottom profiler source signature design and field testing},
  author={Gutowski, Martin and Bull, Jon and Henstock, Tim and Dix, Justin and Hogarth, Peter and Leighton, Tim and White, Paul},
  journal={Marine Geophysical Researches},
  volume={23},
  number={5},
  pages={481--492},
  year={2002},
  publisher={Springer}
}


@article{chung_quantitative_1999,
	title = {A quantitative study of the effects of tuning on {AVO} effects for thin beds},
	volume = {35},
	number = {1/2},
	journal = {Canadian Journal of Exploration Geophysics},
	author = {Chung, Hai-Man and Lawton, Don C.},
	year = {1999},
	pages = {36--42}
}

@article{shuey_simplification_1985,
	title = {A simplification of the {Zoeppritz} equations},
	volume = {50},
	doi = {10.1190/1.1441936},
	number = {4},
	journal = {GEOPHYSICS},
	author = {Shuey, R. T.},
	year = {1985},
	pages = {609--614}
}

@book{avseth2010quantitative,
  title={Quantitative seismic interpretation: Applying rock physics tools to reduce interpretation risk},
  author={Avseth, Per and Mukerji, Tapan and Mavko, Gary},
  year={2010},
  publisher={Cambridge University Press}
}

@article{vardy_deriving_2015,
	title = {Deriving shallow-water sediment properties using post-stack acoustic impedance inversion},
	volume = {13},
	doi = {10.3997/1873-0604.2014045},
	number = {2},
	journal = {Near Surface Geophysics},
	author = {Vardy, Mark E.},
	year = {2015},
	pages = {143--154},
}

@incollection{schwarz_introduction_2019,
	series = {Recent {Advances} in {Seismology}},
	title = {An introduction to seismic diffraction},
	volume = {60},
	booktitle = {Advances in {Geophysics}},
	publisher = {Elsevier},
	author = {Schwarz, Benjamin},
	editor = {Schmelzbach, Cedric},
	year = {2019},
	doi = {10.1016/bs.agph.2019.05.001},
	pages = {1--64}
}

@article{ford_seismic_2021,
	title = {Seismic {Diffraction} {Imaging} to {Characterize} {Mass}-{Transport} {Complexes}: {Examples} {From} the {Gulf} of {Cadiz}, {South} {West} {Iberian} {Margin}},
	volume = {126},
	doi = {https://doi.org/10.1029/2020JB021474},
	number = {3},
	journal = {Journal of Geophysical Research: Solid Earth},
	author = {Ford, Jonathan and Urgeles, Roger and Camerlenghi, Angelo and Gràcia, Eulàlia},
	year = {2021},
	pages = {e2020JB021474},
}

@book{yilmaz_seismic_2001,
	address = {Tulsa, OK},
	edition = {2 Volume Set edition},
	title = {Seismic {Data} {Analysis}: {Processing}, {Inversion}, and {Interpretation} of {Seismic} {Data}},
	isbn = {978-1-56080-094-1},
	language = {English},
	publisher = {Society of Exploration Geophysicists},
	author = {Yilmaz, Oz},
	year = {2001}
}

@article{micallef_scale_2008,
	title = {Scale invariant characteristics of the {Storegga} {Slide} and implications for large-scale submarine mass movements},
	volume = {247},
	doi = {10.1016/j.margeo.2007.08.003},
	number = {1},
	journal = {Marine Geology},
	author = {Micallef, Aaron and Berndt, Christian and Masson, Douglas G. and Stow, Dorrik A. V.},
	year = {2008},
	pages = {46--60}
}

@misc{gebco2021,
    title = {{GEBCO 2021 Grid}},
    author = {{GEBCO Compilation Group}},
    doi = {10.5285/c6612cbe-50b3-0cff-e053-6c86abc09f8f},
    year = {2021}
}

@article{carcione_numerical_2016,
	title = {Numerical investigation of the seismic detectability of carbonate thin beds in the {Boom} {Clay} formation},
	volume = {206},
	url = {https://doi.org/10.1093/gji/ggw127},
	doi = {10.1093/gji/ggw127},
	number = {1},
	journal = {Geophysical Journal International},
	author = {Carcione, José M. and Gei, Davide},
	year = {2016},
	pages = {63--84}
}

@article{urgeles_recurrent_1999,
	title = {Recurrent large-scale landsliding on the west flank of {La} {Palma}, {Canary} {Islands}},
	volume = {104},
	doi = {https://doi.org/10.1029/1999JB900243},
	number = {B11},
	urldate = {2020-11-12},
	journal = {Journal of Geophysical Research: Solid Earth},
	author = {Urgeles, Roger and Masson, Douglas G. and Canals, Miquel and Watts, Anthony B. and Bas, Tim Le},
	year = {1999},
	pages = {25331--25348}
}

@article{diviacco_late_2006,
	title = {Late {Pliocene} {Mega} {Debris} {Flow} {Deposit} and {Related} {Fluid} {Escapes} {Identified} on the {Antarctic} {Peninsula} {Continental} {Margin} by {Seismic} {Reflection} {Data} {Analysis}},
	volume = {27},
	doi = {10.1007/s11001-005-3136-8},
	language = {en},
	number = {2},
	urldate = {2019-12-02},
	journal = {Marine Geophysical Researches},
	author = {Diviacco, P. and Rebesco, M. and Camerlenghi, A.},
	year = {2006},
	pages = {109--128},
}


@article{expedition_316_scientists_expedition_2009,
	title = {Expedition 316 {Site} {C0008}},
	volume = {314/315/316},
	doi = {doi:10.2204/iodp.proc.314315316.136.2009},
	journal = {Proceedings of the Integrated Ocean Drilling Progam},
	author = {{Expedition 316 Scientists}},
	year = {2009}
}

@article{sun_free_2017,
	title = {Free gas accumulations in basal shear zones of mass-transport deposits ({Pearl} {River} {Mouth} {Basin}, {South} {China} {Sea}): {An} important geohazard on continental slope basins},
	volume = {81},
	doi = {10.1016/j.marpetgeo.2016.12.029},
	number = {Supplement C},
	journal = {Marine and Petroleum Geology},
	author = {Sun, Qiliang and Alves, Tiago and Xie, Xinong and He, Jiaxiong and Li, Wei and Ni, Xianglong},
	year = {2017},
	pages = {17--32}
}

@misc{sbp-transparency-zenodo,
  author = {Ford, Jonathan and Camerlenghi, Angelo and Zolezzi, Francesca and Calarco, Marilena},
  title = {Seismic amplitude response to internal heterogeneity of mass-transport deposits [Software]},
  month = feb,
  year  = {2023},
  publisher = {Zenodo},
  url = {http://dx.doi.org/10.5281/zenodo.6949299},
  doi = {10.5281/zenodo.6949299}
}

@article{ford2020,
    author = {Ford, Jonathan and Camerlenghi, Angelo},
    title = {Geostatistical characterization of internal structure of mass-transport deposits from seismic reflection images and borehole logs},
    journal = {Geophysical Journal International},
    volume = {221},
    number = {1},
    pages = {318-333},
    year = {2019},
    month = {12},
    doi = {10.1093/gji/ggz570}
}

@article{caiti_estimation_1994,
	title = {Estimation of shear wave velocity in shallow marine sediments},
	volume = {19},
	doi = {10.1109/48.289451},
	number = {1},
	journal = {IEEE Journal of Oceanic Engineering},
	author = {Caiti, A. and Akal, T. and Stoll, R.D.},
	year = {1994},
	pages = {58--72},
}

@article{provenzano_decimetric-resolution_2018,
	title = {Decimetric-resolution stochastic inversion of shallow marine seismic reflection data: dedicated strategy and application to a geohazard case study},
	volume = {214},
	doi = {10.1093/gji/ggy221},
	number = {3},
	journal = {Geophysical Journal International},
	author = {Provenzano, Giuseppe and Vardy, Mark E and Henstock, Timothy J},
	year = {2018},
	pages = {1683--1700},
}

@article{hamilton_vpvs_1979,
	title = {Vp/{Vs} and {Poisson}’s ratios in marine sediments and rocks},
	volume = {66},
	doi = {10.1121/1.383344},
	number = {4},
	journal = {The Journal of the Acoustical Society of America},
	author = {Hamilton, Edwin L.},
	year = {1979},
	pages = {1093},
}

@article{castagna1985,
  title = {Relationships between Compressional-wave and Shear-wave Velocities in Clastic Silicate Rocks},
  author = {Castagna, J. P. and Batzle, M. L. and Eastwood, R. L.},
  year = {1985},
  month = apr,
  journal = {GEOPHYSICS},
  volume = {50},
  number = {4},
  pages = {571--581},
  publisher = {{Society of Exploration Geophysicists}},
  doi = {10.1190/1.1441933}
}




